<record xmlns="http://www.loc.gov/MARC21/slim" xmlns:xsi="http://www.w3.org/2001/XMLSchema-instance" xsi:schemaLocation="http://www.loc.gov/MARC21/slim http://www.loc.gov/standards/marcxml/schema/MARC21slim.xsd"><leader>01749nam a2200349   4500</leader><controlfield tag="001">002933687</controlfield><controlfield tag="003">NNU</controlfield><controlfield tag="006">m        d        </controlfield><controlfield tag="007">cr cn |||m|||a</controlfield><controlfield tag="008">150222s1954    ua      ob    000 0 arard</controlfield><datafield ind1=" " ind2=" " tag="040"><subfield code="a">NNU</subfield><subfield code="b">eng</subfield><subfield code="c">NNU</subfield></datafield><datafield ind1=" " ind2="4" tag="050"><subfield code="a">PJ7745.A117</subfield><subfield code="b">A17 1954</subfield></datafield><datafield ind1=" " ind2="4" tag="050"><subfield code="a">PJ7745.A14</subfield><subfield code="b">A17 1954</subfield></datafield><datafield ind1="0" ind2=" " tag="100"><subfield code="6">880-01</subfield><subfield code="a">&#699;Abba&#772;s ibn al-Ah&#803;naf,</subfield><subfield code="d">approximately 750-approximately 808.</subfield></datafield><datafield ind1="1" ind2="0" tag="245"><subfield code="6">880-02</subfield><subfield code="a">Di&#772;wa&#772;n al-&#699;Abba&#772;s ibn al-Ah&#803;naf</subfield><subfield code="h">[electronic resource] /</subfield><subfield code="c">sharh&#803; wa-tah&#803;qi&#772;q &#699;Ati&#772;kah al-Khazraji&#772;</subfield></datafield><datafield ind1=" " ind2=" " tag="250"><subfield code="6">880-03</subfield><subfield code="a">[al-T&#803;ab&#699;ah al-u&#772;la&#769;].</subfield></datafield><datafield ind1=" " ind2=" " tag="260"><subfield code="6">880-04</subfield><subfield code="a">al-Qa&#772;hirah,</subfield><subfield code="b">Mat&#803;ba&#699;at Da&#772;r al-Kutub al-Mis&#803;ri&#772;yah,</subfield><subfield code="c">1954.</subfield></datafield><datafield ind1=" " ind2=" " tag="300"><subfield code="a">online resource (323, 7 p.)</subfield></datafield><datafield ind1=" " ind2=" " tag="500"><subfield code="a">Part of the Arabic Collections Online (ACO) project, contributed by New York Univeristy Libraries.</subfield></datafield><datafield ind1=" " ind2=" " tag="504"><subfield code="a">Includes bibliographical references.</subfield></datafield><datafield ind1=" " ind2=" " tag="500"><subfield code="a">Poems.</subfield></datafield><datafield ind1=" " ind2=" " tag="533"><subfield code="a">Electronic reproduction.</subfield><subfield code="b">New York, N.Y. :</subfield><subfield code="c">New York University,</subfield><subfield code="d">2015.</subfield><subfield code="5">NNU</subfield></datafield><datafield ind1="2" ind2=" " tag="710"><subfield code="a">New York University.</subfield><subfield code="b">Libraries.</subfield></datafield><datafield ind1="0" ind2=" " tag="730"><subfield code="a">Arabic Collections Online.</subfield></datafield><datafield ind1="0" ind2="8" tag="776"><subfield code="i">Print version:</subfield><subfield code="a">&#699;Abba&#772;s ibn al-Ah&#803;naf, approximately 750-approximately 808.</subfield><subfield code="t">Di&#772;wa&#772;n al-&#699;Abba&#772;s ibn al-Ah&#803;naf</subfield><subfield code="w">(NNU)002933687</subfield><subfield code="w">(DLC)ne 64002921</subfield></datafield><datafield ind1="4" ind2="0" tag="856"><subfield code="u">http://hdl.handle.net/2333.1/jwstqmmq</subfield></datafield><datafield ind1="0" ind2=" " tag="880"><subfield code="6">100-01/</subfield><subfield code="a">&#1593;&#1576;&#1575;&#1587; &#1576;&#1606; &#1575;&#1604;&#1575;&#1581;&#1606;&#1601;&#1548;</subfield><subfield code="d">approximately 750-approximately 808.</subfield></datafield><datafield ind1="1" ind2="0" tag="880"><subfield code="6">245-02/</subfield><subfield code="a">&#1583;&#1610;&#1608;&#1575;&#1606; &#1575;&#1604;&#1593;&#1576;&#1575;&#1587; &#1576;&#1606; &#1575;&#1604;&#1571;&#1581;&#1606;&#1601; /</subfield><subfield code="c">&#1588;&#1585;&#1581; &#1608;&#1578;&#1581;&#1602;&#1610;&#1602; &#1593;&#1575;&#1578;&#1603;&#1577; &#1575;&#1604;&#1582;&#1586;&#1585;&#1580;&#1610;..</subfield></datafield><datafield ind1=" " ind2=" " tag="880"><subfield code="6">250-03/</subfield><subfield code="a">[&#1575;&#1604;&#1591;&#1576;&#1593;&#1577; &#1575;&#1604;&#1571;&#1608;&#1604;&#1609;].</subfield></datafield><datafield ind1=" " ind2=" " tag="880"><subfield code="6">260-04/</subfield><subfield code="a">&#1575;&#1604;&#1602;&#1575;&#1607;&#1585;&#1577; :</subfield><subfield code="b">&#1605;&#1591;&#1576;&#1593;&#1577; &#1583;&#1575;&#1585; &#1575;&#1604;&#1603;&#1578;&#1576; &#1575;&#1604;&#1605;&#1589;&#1585;&#1610;&#1577;&#1548;</subfield><subfield code="c">1954.</subfield></datafield><datafield ind1=" " ind2=" " tag="959"><subfield code="a">NNU</subfield><subfield code="b">WEB</subfield><subfield code="c">GENI</subfield><subfield code="t">0</subfield><subfield code="m">Electronic access</subfield><subfield code="s">01</subfield></datafield><datafield ind1=" " ind2=" " tag="999"><subfield code="i">NNU_002933687</subfield><subfield code="s">nyu_aco000345</subfield></datafield></record>